%% This BibTeX bibliography file was created using BibDesk.
%% https://bibdesk.sourceforge.io/

%% Created for admin at 2019-11-05 20:30:20 -0500 


%% Saved with string encoding Unicode (UTF-8) 
\usepackage{url}


@inproceedings{mironov2012significance,
  title={On significance of the least significant bits for differential privacy},
  author={Mironov, Ilya},
  booktitle={CCS 2012},
  year={2012}
}


@inproceedings{dwork2006calibrating,
  title={
  		{Calibrating Noise to Sensitivity in Private Data Analysis}},
  author={Dwork, Cynthia and McSherry, Frank and Nissim, Kobbi and Smith, Adam},
  booktitle={TCC},
  year={2016}
}

@inproceedings{barthe2016proving,
	Author = {Barthe, Gilles and Gaboardi, Marco and Gr{\'e}goire, Benjamin and Hsu, Justin and Strub, Pierre-Yves},
	Booktitle = {LICS 2016},
	Title = {Proving differential privacy via probabilistic couplings}}

@article{mckenna2020permute,
  title={Permute-and-Flip: A new mechanism for differentially private selection},
  author={McKenna, Ryan and Sheldon, Daniel R},
  journal={NIPS 2020}
}

@article{gazeau2016preserving,
  title={Preserving differential privacy under finite-precision semantics},
  author={Gazeau, Ivan and Miller, Dale and Palamidessi, Catuscia},
  journal={Theoretical Computer Science},
  volume={655},
  pages={92--108},
  year={2016},
  publisher={Elsevier}
}

@article{balcer2017differential,
  title={Differential privacy on finite computers},
  author={Balcer, Victor and Vadhan, Salil},
  journal={arXiv preprint arXiv:1709.05396},
  year={2017}
}

@inproceedings{ilvento2020implementing,
  title={Implementing the exponential mechanism with base-2 differential privacy},
  author={Ilvento, Christina},
  booktitle={Proceedings of the 2020 ACM SIGSAC Conference on Computer and Communications Security},
  pages={717--742},
  year={2020}
}


@article{canonne2020discrete,
  title={The Discrete Gaussian for Differential Privacy},
  author={Canonne, Cl{\'e}ment and Kamath, Gautam and Steinke, Thomas},
  journal={arXiv preprint arXiv:2004.00010},
  year={2020}
}