
@inproceedings{barthe2016proving,
  title={Proving differential privacy via probabilistic couplings},
  author={Barthe, Gilles and Gaboardi, Marco and Gr{\'e}goire, Benjamin and Hsu, Justin and Strub, Pierre-Yves},
  booktitle={LICS 2016}
}