%% This BibTeX bibliography file was created using BibDesk.
%% https://bibdesk.sourceforge.io/

%% Created for admin at 2019-11-05 20:30:20 -0500 


%% Saved with string encoding Unicode (UTF-8) 
\usepackage{url}


@inproceedings{mironov2012significance,
  title={On significance of the least significant bits for differential privacy},
  author={Mironov, Ilya},
  booktitle={CCS 2012},
  year={2012}
}

@inproceedings{Ramananandro2016unified, 
    author = {Ramananandro, Tahina and Mountcastle, Paul and Meister, Benoundefinedt and Lethin, Richard}, 
    title = {A Unified Coq Framework for Verifying C Programs with Floating-Point Computations}, 
    year = {2016}, 
    publisher = {Association for Computing Machinery},

    url = {https://doi.org/10.1145/2854065.2854066},
    booktitle = {Proceedings of the 5th ACM SIGPLAN Conference on Certified Programs and Proofs (CPP)}
    }

@INPROCEEDINGS{Becker2018verified, 
    author={H. {Becker} and N. {Zyuzin} and R. {Monat} and E. {Darulova} and M. O. {Myreen} and A. {Fox}}, 
    booktitle={2018 Formal Methods in Computer Aided Design (FMCAD)}, 
    title={A Verified Certificate Checker for Finite-Precision Error Bounds in Coq and HOL4}, 
    year={2018}
}
@inproceedings{dwork2006calibrating,
  title={
  		{Calibrating Noise to Sensitivity in Private Data Analysis}},
  author={Dwork, Cynthia and McSherry, Frank and Nissim, Kobbi and Smith, Adam},
  booktitle={TCC},
  year={2016}
}
@Article{Martel2006higher,
author="Martel, Matthieu",
title="Semantics of roundoff error propagation in finite precision calculations",
journal="Higher-Order and Symbolic Computation",
year="2006"
}

@InProceedings{Moscato2017Automatic,
author="Moscato, Mariano
and Titolo, Laura
and Dutle, Aaron
and Mu{\~{n}}oz, C{\'e}sar A.",
editor="Tonetta, Stefano
and Schoitsch, Erwin
and Bitsch, Friedemann",
title="Automatic Estimation of Verified Floating-Point Round-Off Errors via Static Analysis",
booktitle="Computer Safety, Reliability, and Security",
year="2017"
}

@inproceedings{barthe2016proving,
	Author = {Barthe, Gilles and Gaboardi, Marco and Gr{\'e}goire, Benjamin and Hsu, Justin and Strub, Pierre-Yves},
	Booktitle = {LICS 2016},
	Title = {Proving differential privacy via probabilistic couplings}}
